<?xml version="1.0" encoding="UTF-8"?><collection xmlns="http://www.loc.gov/MARC21/slim"><record><leader>00598nam--2200181-i-4500</leader><controlfield tag="001">000007237</controlfield><controlfield tag="002">20161230</controlfield><controlfield tag="005">20170103013105</controlfield><controlfield tag="008">060222s1000------------r-----000-0-eng-d</controlfield><datafield ind1=" " ind2=" " tag="040"><subfield code="a">IFIN-HH</subfield></datafield><datafield ind1=" " ind2=" " tag="080"><subfield code="a">539.2</subfield></datafield><datafield ind1="1" ind2=" " tag="100"><subfield code="a">Cotterill, R.M.J</subfield></datafield><datafield ind1="1" ind2="0" tag="245"><subfield code="a">Lattice defects in quenched metals</subfield><subfield code="b">An international conference held at the Argonne National Laboratory, June 15-17, 1964</subfield><subfield code="c">R.M.J. Cotterill, M. Doyama, J.J. Jackson, M. Meshii (eds.)</subfield></datafield><datafield ind1=" " ind2=" " tag="260"><subfield code="a">New York</subfield><subfield code="b">Academic Press</subfield><subfield code="c">1965</subfield></datafield><datafield ind1=" " ind2=" " tag="300"><subfield code="a">XXII+807 p</subfield></datafield><datafield ind1="1" ind2=" " tag="700"><subfield code="a">Meshii, M</subfield><subfield code="e">Ed</subfield></datafield><datafield ind1=" " ind2=" " tag="852"><subfield code="a">21819</subfield><subfield code="c">539.2</subfield></datafield><datafield ind1=" " ind2=" " tag="CAT"><subfield code="a">SYS</subfield><subfield code="c">20170103</subfield><subfield code="h">013105</subfield></datafield></record></collection>